@article{Pakko2003,
author = {Pakko, Michael R. and Pollard, Patricia S.},
title = {Burgernomics: A Big Mac Guide to Purchasing Power Parity},
journal = {The Federal Reserve Bank of St. Louis},
url = {https://files.stlouisfed.org/files/htdocs/publications/review/03/11/pakko.pdf},
year = {2003}
}

@article{Haishan2020,
author = {Fu, Haishan and Hamadeh Nada},
title = {New results from the International Comparison Program shed light on the size of the global economy},
journal = {The World Bank Blog},
url = {https://blogs.worldbank.org/opendata/new-results-international-comparison-program-shed-light-size-global-economy?token=b6827c8c6191327b728245ab1a2d8d84},
year = {2020}
}

@article{Taylor2004,
author = {Taylor, Alan and Taylor, Mark},
title = {The Purchasing Power Parity Debate},
journal = {Journal of Economic Perspectives},
year = {2004}
}

@article{Polidoro2015,
author = {Polidoro, Fredrico and Riccardo, Giannini and Rosanna, Lo Conte and Stefano, Mosca and Francesca, Rossetti},
title = {Web scraping techniques to collect data on consumer electronics and airfares for Italian HICP compilation},
journal = {Statistical Jounral of the IAOS},
year = {2015}
}


@article{Cavallo2018,
author = {Cavallo, Alberto and Diewart, W. Erwin and Feenstra, Robert C. and Inklaar, Robert, and Timmer, Marcel P.},
title = {Using Online Prices for Measuring Real Consumption Across Countries},
journal = {National Bureau of Economic Research: Working Paper Series},
year = {2018}

}

@article{Cavallo2015,
author = {Alberto Cavallo},
title = {Scraped Data and Sticky Prices},
journal = {National Bureau of Economic Research: Working Paper Series},
url = {https://www.hbs.edu/faculty/Pages/download.aspx?name=Cavallo_Alberto_J4_Scraped%20Data%20and%20Sticky%20Prices.pdf},
year = {2015}
}

@article{Powell2018,
author = {Powell, Ben and Nason, Guy and Elliott, Duncan and Mayhew, Matthew and Davies, Jennifer and Winton, Joe},
title = {Tracking and modelling prices using web-scraped price microdata: towards automated daily consumer price index forecasting},
journal = {Journal of the Royal Statistical Society: Statistics in Society Series A},
year = {2018}
}

@article{Moon2010,
author = {Moon, Samuel and Page, Sheila and Rodin, Barry and Roy, Donald},
title = {Purchasing power parity measures: advantages and limitations},
journal = {Overseas Development Institute},
url = {https://cdn.odi.org/media/documents/6018.pdf},
year = {2010}
}

@article{Angus2009,
author = {Deaton, Angus and Heston, Alan},
title = {Understanding PPPs and PPP-based national accounts},
journal = {American Economic Journal: Macroeconomics},
doi = {10.1257/mac.2.4.1},
url = {https://www.researchgate.net/publication/23535659_Understanding_PPPs_and_PPP-based_national_accounts},
year = {2009}
}

@unpublished{Bhardwaj2017,
author = {Bhardwaj, Himanshi and Flower, Tanya and Lee, Philip and Mayhew, Matthew},
title = {Research Indices Using Web Scraped Price Data (August 2017 Update)},
publisher = {Office for National Statistics (UK)},
year = {2017}
}




@article{Gilboa2020,
author = {Shaked Gilboa and Vince Mitchell},
title = {The role of culture and purchasing power parity in shaping mall-shoppers' profiles},
journal = {Journal of Retailing and Consumer Services},
url = {https://www.sciencedirect.com/science/article/abs/pii/S0969698919300050},
year = {2020}
}


@article{Rao2001
author = {Rao, D. S. Prasada},
title = {Integration of CPI and PPP: Methodological Issues, Feasibility, and Recommendations},
journal = {Joint World Bank-OECD Seminar on Purchasing Power Parities: Recent Advances in Methods and Applications},
url = {https://www.oecd.org/sdd/prices-ppp/2424597.pdf},
year = {2001}
}

@article{Wang2016,
author = {Liang Wang and Randall Wright},
title = {Are Prices Sticky and Does It Matter?},
publisher = {Federal Reserve Bank of Minneapolis},
url = {https://www.minneapolisfed.org/article/2016/are-prices-sticky-and-does-it-matter},
year = {2016}
}